@article{RC,
    author = {Zhang, Boyu},
    title = {Recitation Slides},
    year = {2019}
}
@book{griffiths1962introduction,
  title={Introduction to electrodynamics},
  author={Griffiths, David J},
  year={1962},
  publisher={Prentice Hall New Jersey}
}
@book{physicsuni,
  title={University Physics with Modern Physics},
  author={Hugh D. Young},
  year={2012}
}